%YAML 1.1
%TAG !u! tag:unity3d.com,2011:
--- !u!1 &1999772321349178307
GameObject:
  m_ObjectHideFlags: 0
  m_CorrespondingSourceObject: {fileID: 0}
  m_PrefabInstance: {fileID: 0}
  m_PrefabAsset: {fileID: 0}
  serializedVersion: 6
  m_Component:
  - component: {fileID: 6801376338068975112}
  - component: {fileID: 69847968658724336}
  - component: {fileID: 3599380353624017233}
  - component: {fileID: 5436169421524503416}
  - component: {fileID: 216529871864239191}
  - component: {fileID: 8356921838053788282}
  - component: {fileID: 4394284221760361959}
  - component: {fileID: 9017837630899803288}
  m_Layer: 0
  m_Name: Boss
  m_TagString: Enemy
  m_Icon: {fileID: 0}
  m_NavMeshLayer: 0
  m_StaticEditorFlags: 0
  m_IsActive: 1
--- !u!4 &6801376338068975112
Transform:
  m_ObjectHideFlags: 0
  m_CorrespondingSourceObject: {fileID: 0}
  m_PrefabInstance: {fileID: 0}
  m_PrefabAsset: {fileID: 0}
  m_GameObject: {fileID: 1999772321349178307}
  serializedVersion: 2
  m_LocalRotation: {x: 0, y: 0, z: 0, w: 1}
  m_LocalPosition: {x: 426.5, y: -67.9, z: 0}
  m_LocalScale: {x: 1, y: 1, z: 1}
  m_ConstrainProportionsScale: 0
  m_Children: []
  m_Father: {fileID: 0}
  m_LocalEulerAnglesHint: {x: 0, y: 0, z: 0}
--- !u!212 &69847968658724336
SpriteRenderer:
  m_ObjectHideFlags: 0
  m_CorrespondingSourceObject: {fileID: 0}
  m_PrefabInstance: {fileID: 0}
  m_PrefabAsset: {fileID: 0}
  m_GameObject: {fileID: 1999772321349178307}
  m_Enabled: 1
  m_CastShadows: 0
  m_ReceiveShadows: 0
  m_DynamicOccludee: 1
  m_StaticShadowCaster: 0
  m_MotionVectors: 1
  m_LightProbeUsage: 1
  m_ReflectionProbeUsage: 1
  m_RayTracingMode: 0
  m_RayTraceProcedural: 0
  m_RenderingLayerMask: 1
  m_RendererPriority: 0
  m_Materials:
  - {fileID: 2100000, guid: a97c105638bdf8b4a8650670310a4cd3, type: 2}
  m_StaticBatchInfo:
    firstSubMesh: 0
    subMeshCount: 0
  m_StaticBatchRoot: {fileID: 0}
  m_ProbeAnchor: {fileID: 0}
  m_LightProbeVolumeOverride: {fileID: 0}
  m_ScaleInLightmap: 1
  m_ReceiveGI: 1
  m_PreserveUVs: 0
  m_IgnoreNormalsForChartDetection: 0
  m_ImportantGI: 0
  m_StitchLightmapSeams: 1
  m_SelectedEditorRenderState: 0
  m_MinimumChartSize: 4
  m_AutoUVMaxDistance: 0.5
  m_AutoUVMaxAngle: 89
  m_LightmapParameters: {fileID: 0}
  m_SortingLayerID: 0
  m_SortingLayer: 0
  m_SortingOrder: 0
  m_Sprite: {fileID: 326308588, guid: c645567ad6e0c4e41998500ec10070e5, type: 3}
  m_Color: {r: 1, g: 1, b: 1, a: 1}
  m_FlipX: 0
  m_FlipY: 0
  m_DrawMode: 0
  m_Size: {x: 4.8, y: 8.4}
  m_AdaptiveModeThreshold: 0.5
  m_SpriteTileMode: 0
  m_WasSpriteAssigned: 1
  m_MaskInteraction: 0
  m_SpriteSortPoint: 0
--- !u!95 &3599380353624017233
Animator:
  serializedVersion: 5
  m_ObjectHideFlags: 0
  m_CorrespondingSourceObject: {fileID: 0}
  m_PrefabInstance: {fileID: 0}
  m_PrefabAsset: {fileID: 0}
  m_GameObject: {fileID: 1999772321349178307}
  m_Enabled: 1
  m_Avatar: {fileID: 0}
  m_Controller: {fileID: 9100000, guid: c190433cb6c4bcc408f5da1b12f03626, type: 2}
  m_CullingMode: 0
  m_UpdateMode: 0
  m_ApplyRootMotion: 0
  m_LinearVelocityBlending: 0
  m_StabilizeFeet: 0
  m_WarningMessage: 
  m_HasTransformHierarchy: 1
  m_AllowConstantClipSamplingOptimization: 1
  m_KeepAnimatorStateOnDisable: 0
  m_WriteDefaultValuesOnDisable: 0
--- !u!114 &5436169421524503416
MonoBehaviour:
  m_ObjectHideFlags: 0
  m_CorrespondingSourceObject: {fileID: 0}
  m_PrefabInstance: {fileID: 0}
  m_PrefabAsset: {fileID: 0}
  m_GameObject: {fileID: 1999772321349178307}
  m_Enabled: 1
  m_EditorHideFlags: 0
  m_Script: {fileID: 11500000, guid: 12728107cbf5ba64aa7a689c36da8c87, type: 3}
  m_Name: 
  m_EditorClassIdentifier: 
  Vida: 10
  morir: 0
  pointA: {fileID: 0}
  pointB: {fileID: 0}
  moveSpeed: 3
  attackRange: 10
  attackDamage: 20
  attackCooldown: 1.5
  detectionRange: 50
  renderer_trigger: {fileID: 0}
  animator: {fileID: 3599380353624017233}
  attackSound: {fileID: 0}
  deathSound: {fileID: 0}
--- !u!114 &216529871864239191
MonoBehaviour:
  m_ObjectHideFlags: 0
  m_CorrespondingSourceObject: {fileID: 0}
  m_PrefabInstance: {fileID: 0}
  m_PrefabAsset: {fileID: 0}
  m_GameObject: {fileID: 1999772321349178307}
  m_Enabled: 1
  m_EditorHideFlags: 0
  m_Script: {fileID: 11500000, guid: 9a92cef31eaf8bf49af5d52874b57ffb, type: 3}
  m_Name: 
  m_EditorClassIdentifier: 
  vida: 10
--- !u!114 &8356921838053788282
MonoBehaviour:
  m_ObjectHideFlags: 0
  m_CorrespondingSourceObject: {fileID: 0}
  m_PrefabInstance: {fileID: 0}
  m_PrefabAsset: {fileID: 0}
  m_GameObject: {fileID: 1999772321349178307}
  m_Enabled: 1
  m_EditorHideFlags: 0
  m_Script: {fileID: 11500000, guid: 18a02d52ee8044b48b8b8dd67e8c348e, type: 3}
  m_Name: 
  m_EditorClassIdentifier: 
  transforms:
  - {fileID: 0}
  - {fileID: 0}
  - {fileID: 0}
  - {fileID: 0}
  - {fileID: 0}
  flame: {fileID: 4969363090768639437, guid: fa5316b80294b6446b2a365d63ecf513, type: 3}
  timeShoot: 3
  countdown: 0
  timeTp: 4
  countdownTP: 0
  currentHealth: 0
  bossHealth: 10
  healdIm: {fileID: 0}
--- !u!50 &4394284221760361959
Rigidbody2D:
  serializedVersion: 4
  m_ObjectHideFlags: 0
  m_CorrespondingSourceObject: {fileID: 0}
  m_PrefabInstance: {fileID: 0}
  m_PrefabAsset: {fileID: 0}
  m_GameObject: {fileID: 1999772321349178307}
  m_BodyType: 0
  m_Simulated: 1
  m_UseFullKinematicContacts: 0
  m_UseAutoMass: 0
  m_Mass: 1
  m_LinearDrag: 0
  m_AngularDrag: 0.05
  m_GravityScale: 0
  m_Material: {fileID: 0}
  m_IncludeLayers:
    serializedVersion: 2
    m_Bits: 0
  m_ExcludeLayers:
    serializedVersion: 2
    m_Bits: 0
  m_Interpolate: 0
  m_SleepingMode: 1
  m_CollisionDetection: 0
  m_Constraints: 4
--- !u!70 &9017837630899803288
CapsuleCollider2D:
  m_ObjectHideFlags: 0
  m_CorrespondingSourceObject: {fileID: 0}
  m_PrefabInstance: {fileID: 0}
  m_PrefabAsset: {fileID: 0}
  m_GameObject: {fileID: 1999772321349178307}
  m_Enabled: 1
  m_Density: 1
  m_Material: {fileID: 0}
  m_IncludeLayers:
    serializedVersion: 2
    m_Bits: 0
  m_ExcludeLayers:
    serializedVersion: 2
    m_Bits: 0
  m_LayerOverridePriority: 0
  m_ForceSendLayers:
    serializedVersion: 2
    m_Bits: 4294967295
  m_ForceReceiveLayers:
    serializedVersion: 2
    m_Bits: 4294967295
  m_ContactCaptureLayers:
    serializedVersion: 2
    m_Bits: 4294967295
  m_CallbackLayers:
    serializedVersion: 2
    m_Bits: 4294967295
  m_IsTrigger: 1
  m_UsedByEffector: 0
  m_UsedByComposite: 0
  m_Offset: {x: 0, y: 0}
  m_Size: {x: 4.8, y: 8.4}
  m_Direction: 0
